<?xml version="1.0" encoding="UTF-8"?><collection xmlns="http://www.loc.gov/MARC21/slim"><record><leader>00536nam--2200205-i-4500</leader><controlfield tag="001">000047739</controlfield><controlfield tag="002">20161230</controlfield><controlfield tag="005">20161230201046</controlfield><controlfield tag="008">060222s1000------------r-----000-0-fre-d</controlfield><datafield ind1=" " ind2=" " tag="040"><subfield code="a">IFIN-HH</subfield></datafield><datafield ind1=" " ind2=" " tag="041"><subfield code="a">fre</subfield></datafield><datafield ind1=" " ind2=" " tag="080"><subfield code="a">530.16:536.758</subfield></datafield><datafield ind1="1" ind2=" " tag="100"><subfield code="a">Yaglom, A.M</subfield></datafield><datafield ind1="1" ind2="0" tag="245"><subfield code="a">Probabilite et information</subfield><subfield code="b">TRADUIT par W. MERCOUROFF</subfield><subfield code="c">A.M. Yaglom ; I.M. Iaglom</subfield></datafield><datafield ind1=" " ind2=" " tag="260"><subfield code="a">Paris, Dunod, 1959</subfield></datafield><datafield ind1=" " ind2=" " tag="300"><subfield code="a">175 P</subfield></datafield><datafield ind1=" " ind2=" " tag="490"><subfield code="a">Monographies Dunod</subfield></datafield><datafield ind1=" " ind2=" " tag="700"><subfield code="a">Iaglom, I.M</subfield></datafield><datafield ind1=" " ind2=" " tag="852"><subfield code="a">76541</subfield><subfield code="c">519.2</subfield></datafield><datafield ind1=" " ind2=" " tag="CAT"><subfield code="a">Sys</subfield><subfield code="c">20100618</subfield><subfield code="h">105307</subfield></datafield></record></collection>